


@book{gut_intermediate_2009,
	edition = {Seconda edizione},
	series = {Springer {Texts} in {Statistics}},
	title = {An {Intermediate} {Course} in {Probability}},
	isbn = {9781441901620},
	language = {en},
	publisher = {Springer New York},
	author = {Gut, Allan},
	year = {2009},
	doi = {https://doi.org/10.1007/978-1-4419-0162-0},
}

 @misc{ wikiNormalDistribution,
   author = "{Wikipedia contributors}",
   title = "Distribuzione normale --- {W}ikipedia{,} The Free Encyclopedia",
   year = "2022",
   url = "https://it.wikipedia.org/wiki/Distribuzione_normale",
   note = "[Online; accessed 06-04-2022]"
 }

@misc{wilkinson_introduction_2020,
	address = {School of Mathematical Sciences University of Nottingham},
	type = {Lecture},
	title = {An introduction to {Gaussian} {Processes}},
	url = {https://rich-d-wilkinson.github.io/docs/talks/Wilkinson_GPSS2020.pdf},
	language = {en},
	author = {Wilkinson, Richard},
	year = {2020},
}



@book{murphy_probabilistic_2022,
	address = {Cambridge, MA, USA},
	series = {Adaptive {Computation} and {Machine} {Learning} series},
	title = {Probabilistic {Machine} {Learning}: {An} {Introduction}},
	isbn = {978-0-262-04682-4},
	shorttitle = {Probabilistic {Machine} {Learning}},
	language = {en},
	publisher = {MIT Press},
	author = {Murphy, Kevin P.},
	editor = {Bach, Francis},
	month = mar,
	year = {2022},
}


@misc{turner_gaussian_2016,
	address = {Imperial College London},
	title = {Gaussian {Processes}:  {From} the {Basics} to the {State}-of-the-{Art}},
	url = {http://cbl.eng.cam.ac.uk/pub/Public/Turner/News/imperial-gp-tutorial.pdf},
	language = {en},
	author = {Turner, Dr Richard E},
	year = {2016},
}


@book{rasmussen_gaussian_2006,
	address = {Cambridge, Mass},
	series = {Adaptive computation and machine learning},
	title = {Gaussian processes for machine learning},
	isbn = {978-0-262-18253-9},
	language = {en},
	publisher = {MIT Press},
	author = {Rasmussen, Carl Edward and Williams, Christopher K. I.},
	year = {2006},
}



@incollection{williams_prediction_1998,
	address = {Dordrecht},
	title = {Prediction with {Gaussian} {Processes}: {From} {Linear} {Regression} to {Linear} {Prediction} and {Beyond}},
	isbn = {978-94-011-5014-9},
	shorttitle = {Prediction with {Gaussian} {Processes}},
	url = {https://doi.org/10.1007/978-94-011-5014-9_23},
	language = {en},
	urldate = {2022-03-22},
	booktitle = {Learning in {Graphical} {Models}},
	publisher = {Springer Netherlands},
	author = {Williams, C. K. I.},
	editor = {Jordan, Michael I.},
	year = {1998},
	doi = {10.1007/978-94-011-5014-9_23},
	pages = {599--621},
}




@article{kimeldorf_correspondence_1970,
	title = {A {Correspondence} {Between} {Bayesian} {Estimation} on {Stochastic} {Processes} and {Smoothing} by {Splines}},
	volume = {41},
	doi = {10.1214/aoms/1177697089},
	urldate = {2022-03-10},
	journal = {The Annals of Mathematical Statistics},
	author = {Kimeldorf, George S. and Wahba, Grace},
	month = apr,
	year = {1970},
	pages = {495--502},
}


@phdthesis{duvenaud_automatic_2014,
	address = {Pembroke College},
	type = {Doctor of {Philosophy}},
	title = {Automatic {Model} {Construction}  with {Gaussian} {Processes}},
	url = {https://www.cs.toronto.edu/~duvenaud/thesis.pdf},
	language = {en},
	school = {University of Cambridge},
	author = {Duvenaud, David Kristjanson},
	month = jun,
	year = {2014},
}



@book{rasmussen_gaussian_2004,
	address = {Berlin, Heidelberg},
	series = {Lecture {Notes} in {Computer} {Science}},
	title = {Gaussian {Processes} in {Machine} {Learning}},
	isbn = {978-3-540-28650-9},
	doi = {https://doi.org/10.1007/978-3-540-28650-9_4},
	language = {en},
	publisher = {Springer},
	author = {Rasmussen, Carl Edward},
	editor = {Bousquet, Olivier and von Luxburg, Ulrike and Ratsch, Gunnar},
	year = {2004},
	doi = {10.1007/978-3-540-28650-9_4},
	keywords = {Gaussian processes},
	pages = {63--71},
}


@article{gortler_visual_2019,
  author = {Görtler, Jochen and Kehlbeck, Rebecca and Deussen, Oliver},
  title = {A Visual Exploration of Gaussian Processes},
  journal = {Distill},
  year = {2019},
  url = {https://distill.pub/2019/visual-exploration-gaussian-processes},
  doi = {10.23915/distill.00017}
}



@misc{damianou_gaussian_2016,
	address = {Brown University},
	title = {Gaussian process lecture ({Jupiter} pyhton)},
	url = {https://nbviewer.org/github/adamian/adamian.github.io/blob/master/talks/Brown2016.ipynb},
	language = {en},
	urldate = {2022-02-27},
	author = {Damianou, Andreas},
	year = {2016},
	keywords = {Gaussian processes},
	file = {Jupyter Notebook Viewer:C\:\\Users\\capod\\Zotero\\storage\\LGGMM28H\\Brown2016.html:text/html},
}



@article{westerhof_arterial_2009,
	title = {The arterial {Windkessel}},
	volume = {47},
	issn = {1741-0444},
	doi = {10.1007/s11517-008-0359-2},
	language = {eng},
	number = {2},
	journal = {Medical \& Biological Engineering \& Computing},
	author = {Westerhof, Nico and Lankhaar, Jan-Willem and Westerhof, Berend E.},
	month = feb,
	year = {2009},
	pmid = {18543011},
	pages = {131--141},
}

%%%%%%%%%%%% WINDKESSEL


%@misc{ wiki:VolumeSistolico ,
%   author = "{Wikipedia contributors}",
%   title = "Volume sistolico --- {W}ikipedia{,} The Free Encyclopedia",
%   url = "https://it.wikipedia.org/wiki/Volume_sistolico",
%   note = "[Online; accessed 09-04-2022]"
% }
 
 
 %@misc{ wiki:Elasticartery ,
 %  author = "{Wikipedia contributors}",
 %  title = "Elastic artery --- {W}ikipedia{,} The Free Encyclopedia",
 %  url = "https://en.wikipedia.org/wiki/Elastic_artery",
 %  note = "[Online; accessed 09-04-2022]"
 %}
 
  @misc{ wiki:Vascularresistance ,
   author = "{Wikipedia contributors}",
   title = "Vascular resistance --- {W}ikipedia{,} The Free Encyclopedia",
   url = "https://en.wikipedia.org/wiki/Vascular_resistance",
   note = "[Online; accessed 09-04-2022]"
 }
 
   @misc{ wiki:Compliance ,
   author = "{Wikipedia contributors}",
   title = "Compliance (physiology) --- {W}ikipedia{,} The Free Encyclopedia",
   url = "https://en.wikipedia.org/wiki/Compliance_(physiology)",
   note = "[Online; accessed 09-04-2022]"
 }
 
   @misc{ wiki:WindkesselEffect,
    author = "{Wikipedia contributors}",
    title = "Windkessel effect --- {Wikipedia}{,} The Free Encyclopedia",
    year = "2021",
    url = "https://en.wikipedia.org/w/index.php?title=Windkessel_effect&oldid=1038550965",
    note = "[Online; accessed 9-April-2022]"
  }
  
  
  @misc{ wiki:cicloCardiaco,
    author = "{Wikipedia contributors}",
    title = "Cardiac cycle --- {Wikipedia}{,} The Free Encyclopedia",
    year = "2022",
    url = "https://en.wikipedia.org/w/index.php?title=Cardiac_cycle&oldid=1077898034",
    note = "[Online; accessed 9-April-2022]"
  }
  
  @misc{ wiki:DiagrammaWiggers,
    author = "{Wikipedia contributors}",
    title = "Wiggers diagram --- {Wikipedia}{,} The Free Encyclopedia",
    year = "2021",
    url = "https://en.wikipedia.org/w/index.php?title=Wiggers_diagram&oldid=1029541282",
    note = "[Online; accessed 9-April-2022]"
  }
  
  
@article{westerhof_arterial_2008,
	title = {The arterial {Windkessel}},
	volume = {47},
	doi = {10.1007/s11517-008-0359-2},
	journal = {Medical \& biological engineering \& computing},
	author = {Westerhof, Nicolaas and Lankhaar, Jan-Willem and Westerhof, Berend},
	month = jul,
	year = {2008},
	pages = {131--41},
}


@book{AaronsonPhilipI.PhilipIrving2020Tcsa,
series = {At a glance series (Oxford, England)},
publisher = {Blackwell},
booktitle = {The cardiovascular system at a glance},
isbn = {9781405150446},
year = {2020},
title = {The cardiovascular system at a glance},
edition = {5th ed.},
language = {eng},
author = {Aaronson, Philip I. (Philip Irving) and Ward, Jeremy P. T},
lccn = {2007017560},
}

 @misc{ghitti_toro_müller_2022, title={Nonlinear lumped-parameter models for blood flow simulations in networks of vessels}, url={https://www.esaim-m2an.org/component/article?access=doi&amp;doi=10.1051\%2Fm2an\%2F2022052}, 
 journal={ESAIM}, 
 publisher={EDP Sciences}, author={Ghitti, Beatrice and Toro, Eleuterio Francisco and Müller, Lucas  Omar}, 
 year={2022}} 


%%%%%%%%%%%%%%%%%%%%%%%%%%%%%%%%%
%%%%%%%%% MACHINE LEARNING
%%%%%%%%%%%%%%%%%%%%%%%%%%%%%%%%%

 @misc{ wiki:datasets,
    author = "{Wikipedia contributors}",
    title = "Training, validation, and test data sets",
    year = "2022",
    url = "https://en.wikipedia.org/w/index.php?title=Training,_validation,_and_test_data_sets&oldid=1077290985",
    note = "[Online; accessed 30-April-2022]"
  }
  
  
  @misc{ wiki:overfitting,
    author = "{Wikipedia contributors}",
    title = "Overfitting --- {Wikipedia}{,} The Free Encyclopedia",
    year = "2022",
    url = "https://en.wikipedia.org/w/index.php?title=Overfitting&oldid=1076526991",
    note = "[Online; accessed 30-April-2022]"
  }
  
  @misc{pytorch:R2score,
    author = "{Pytorch authors}",
    title = "R2SCORE - PyTorch Ignite",
    year = "2022",
    url = "https://pytorch.org/ignite/generated/ignite.contrib.metrics.regression.R2Score.html#r2score",
    note = "[Online; accessed 03-May-2022]"
  }
  
  
  
@article{wang_intuitive_2022,
	title = {An {Intuitive} {Tutorial} to {Gaussian} {Processes} {Regression}},
	url = {http://arxiv.org/abs/2009.10862},
	urldate = {2022-05-04},
	journal = {arXiv:2009.10862 [cs, stat]},
	author = {Wang, Jie},
	month = apr,
	year = {2022},
	note = {arXiv: 2009.10862},
}


@article{noauthor_tutorial_nodate,
	title = {A tutorial on {Gaussian} process regression: {Modelling}, exploring, and exploiting functions},
	volume = {85},
	issn = {0022-2496},
	shorttitle = {A tutorial on {Gaussian} process regression},
	url = {https://www.sciencedirect.com/science/article/pii/S0022249617302158},
	doi = {10.1016/j.jmp.2018.03.001},
	language = {en},
	urldate = {2022-05-18},
	journal = {Journal of Mathematical Psychology},
	author = {Schulz, Eric and Speekenbrink, Maarten and Krause, Andreas},
	month = aug,
	year = {2018},
	pages = {1--16},
	file = {Schulz et al_2018_A tutorial on Gaussian process regression.pdf:C\:\\Users\\capod\\Zotero\\storage\\C24CNQDE\\Schulz et al_2018_A tutorial on Gaussian process regression.pdf:application/pdf;ScienceDirect Snapshot:C\:\\Users\\capod\\Zotero\\storage\\PW53DBUT\\S0022249617302158.html:text/html},
}





@book{murphy_machine_2012,
	address = {Cambridge, MA, USA},
	series = {Adaptive {Computation} and {Machine} {Learning} series},
	title = {Machine {Learning}: {A} {Probabilistic} {Perspective}},
	isbn = {978-0-262-01802-9},
	shorttitle = {Machine {Learning}},
	abstract = {A comprehensive introduction to machine learning that uses probabilistic models and inference as a unifying approach.},
	language = {en},
	publisher = {MIT Press},
	author = {Murphy, Kevin P.},
	editor = {Bach, Francis},
	month = aug,
	year = {2012},
}



@book{gelman_bayesian_1995,
	address = {New York},
	title = {Bayesian {Data} {Analysis}},
	isbn = {978-0-429-25841-1},
	publisher = {Chapman and Hall/CRC},
	author = {Gelman, Andrew and Carlin, John B. and Stern, Hal S. and Rubin, Donald B.},
	month = jun,
	year = {1995},
	doi = {10.1201/9780429258411},
}


  @misc{ wiki:gradientDescend,
    author = "{Wikipedia contributors}",
    title = "Gradient descent",
    year = "2022",
    url = "https://en.wikipedia.org/w/index.php?title=Gradient_descent&oldid=1087292976",
    note = "[Online; accessed 16-May-2022]"
  }
  
  
@misc{ruder_2022,
  doi = {10.48550/ARXIV.1609.04747},
  url = {https://arxiv.org/abs/1609.04747},
  author = {Ruder, Sebastian},
  title = {An overview of gradient descent optimization algorithms},
  publisher = {arXiv},
  year = {2016},
  copyright = {arXiv.org perpetual, non-exclusive license}
}

@article{JMLR:v12:duchi11a,
  author  = {John Duchi and Elad Hazan and Yoram Singer},
  title   = {Adaptive Subgradient Methods for Online Learning and Stochastic Optimization},
  journal = {Journal of Machine Learning Research},
  year    = {2011},
  volume  = {12},
  number  = {61},
  pages   = {2121-2159},
  url     = {http://jmlr.org/papers/v12/duchi11a.html}
}


@techreport{kingma_adam_2017,
	title = {Adam: {A} {Method} for {Stochastic} {Optimization}},
	shorttitle = {Adam},
	url = {http://arxiv.org/abs/1412.6980},
	number = {arXiv:1412.6980},
	urldate = {2022-05-18},
	institution = {arXiv},
	author = {Kingma, Diederik P. and Ba, Jimmy},
	month = jan,
	year = {2017},
	doi = {10.48550/arXiv.1412.6980},
	note = {arXiv:1412.6980 [cs]
type: article},
	file = {Kingma_Ba_2017_Adam.pdf:C\:\\Users\\capod\\Zotero\\storage\\J4FWI58X\\Kingma_Ba_2017_Adam.pdf:application/pdf},
}


@inbook{bottou2012stochastic,
author = {Bottou, Leon},
title = {Stochastic Gradient Descent Tricks},
series = {Lecture Notes in Computer Science (LNCS)},
booktitle = {Neural Networks, Tricks of the Trade, Reloaded},
year = {2012},
month = jan,
publisher = {Springer},
url = {https://www.microsoft.com/en-us/research/publication/stochastic-gradient-tricks/},
pages = {430-445},
volume = {7700},
edition = {Neural Networks, Tricks of the Trade, Reloaded},
}



%%%%%%%%%%%%% RISULTATI TRAINING

@article{doi:10.1098/rsta.2019.0334,
    author = {Longobardi, S.  and Lewalle, A.  and Coveney, S.  and Sjaastad, I.  and Espe, E. K. S.  and Louch, W. E.  and Musante, C. J.  and Sher, A.  and Niederer, S. A. },
    title = {Predicting left ventricular contractile function via Gaussian process emulation in aortic-banded rats},
    journal = {Philosophical Transactions of the Royal Society A: Mathematical, Physical and Engineering Sciences},
    volume = {378},
    number = {2173},
    pages = {20190334},
    year = {2020},
    doi = {10.1098/rsta.2019.0334},

    URL = {https://royalsocietypublishing.org/doi/abs/10.1098/rsta.2019.0334},
}



@article {Yuhn2022.03.10.483573,
	author = {Yuhn, Changyoung and Oshima, Marie and Chen, Yan and Hayakawa, Motoharu and Yamada, Shigeki},
	title = {Uncertainty quantification in cerebral circulation simulations focusing on the collateral flow: Surrogate model approach with machine learning},
	elocation-id = {2022.03.10.483573},
	year = {2022},
	doi = {10.1101/2022.03.10.483573},
	publisher = {Cold Spring Harbor Laboratory},
	URL = {https://www.biorxiv.org/content/early/2022/05/25/2022.03.10.483573},
	journal = {bioRxiv}
}
